Scopus
EXPORT DATE: 9 June 2018

@ARTICLE{Liu2018,
author={Liu, H. and Taniguchi, T. and Takenaka, K. and Bando, T.},
title={Defect-repairable latent feature extraction of driving behavior via a deep sparse autoencoder},
journal={Sensors (Switzerland)},
year={2018},
volume={18},
number={2},
doi={10.3390/s18020608},
art_number={608},
document_type={Article},
}

@ARTICLE{Li20181,
author={Li, F. and Zhang, H. and Wang, J. and Liu, Y. and Gao, L. and Xu, X. and Sanin, C. and Szczerbicki, E.},
title={Toward Intelligent Vehicle Intrusion Detection Using the Neural Knowledge DNA},
journal={Cybernetics and Systems},
year={2018},
pages={1-8},
doi={10.1080/01969722.2017.1418788},
document_type={Article in Press},
}

@CONFERENCE{Kagawa2017,
author={Kagawa, T. and Chandrasiri, N.P.},
title={Analysis of driving skills based on deep learning using stacked autoencoders},
journal={International Conference on Electrical Engineering, Computer Science and Informatics (EECSI)},
year={2017},
volume={2017-December},
doi={10.1109/EECSI.2017.8239200},
document_type={Conference Paper},
}

@CONFERENCE{Streiffer201722,
author={Streiffer, C. and Raghavendra, R. and Benson, T. and Srivatsa, M.},
title={DarNet: A deep learning solution for distracted driving detection},
journal={Middleware 2017 - Proceedings of the 2017 International Middleware Conference (Industrial Track)},
year={2017},
pages={22-28},
doi={10.1145/3154448.3154452},
document_type={Conference Paper},
}

@ARTICLE{Magana201769,
author={Magana, V.C. and Munoz-Organero, M.},
title={Toward Safer Highways: Predicting Driver Stress in Varying Conditions on Habitual Routes},
journal={IEEE Vehicular Technology Magazine},
year={2017},
volume={12},
number={4},
pages={69-76},
doi={10.1109/MVT.2017.2692059},
art_number={8080366},
document_type={Article},
}

@CONFERENCE{Karaduman20171046,
author={Karaduman, M. and Eren, H.},
title={Deep learning based traffic direction sign detection and determining driving style},
journal={2nd International Conference on Computer Science and Engineering, UBMK 2017},
year={2017},
pages={1046-1050},
doi={10.1109/UBMK.2017.8093453},
art_number={8093453},
document_type={Conference Paper},
}

@CONFERENCE{Kagawa2017719,
author={Kagawa, T. and Chandrasiri, N.P.},
title={Analysis of driving skills based on deep learning using stacked autoencoders},
journal={International Conference on Electrical Engineering, Computer Science and Informatics (EECSI)},
year={2017},
volume={4},
pages={719-722},
doi={10.11591/eecsi.4.1078},
document_type={Conference Paper},
}

@ARTICLE{Liu20172477,
author={Liu, H. and Taniguchi, T. and Tanaka, Y. and Takenaka, K. and Bando, T.},
title={Visualization of Driving Behavior Based on Hidden Feature Extraction by Using Deep Learning},
journal={IEEE Transactions on Intelligent Transportation Systems},
year={2017},
volume={18},
number={9},
pages={2477-2489},
doi={10.1109/TITS.2017.2649541},
art_number={7839988},
document_type={Article},
}

@ARTICLE{Chen2017,
author={Chen, S. and Zhang, S. and Shang, J. and Chen, B. and Zheng, N.},
title={Brain-inspired Cognitive Model with Attention for Self-Driving Cars},
journal={IEEE Transactions on Cognitive and Developmental Systems},
year={2017},
doi={10.1109/TCDS.2017.2717451},
document_type={Article in Press},
}

@ARTICLE{Le2017229,
author={Le, T.H.N. and Zhu, C. and Zheng, Y. and Luu, K. and Savvides, M.},
title={DeepSafeDrive: A grammar-aware driver parsing approach to Driver Behavioral Situational Awareness (DB-SAW)},
journal={Pattern Recognition},
year={2017},
volume={66},
pages={229-238},
doi={10.1016/j.patcog.2016.11.028},
document_type={Article},
}

@ARTICLE{Zhang2017267,
author={Zhang, H. and Li, F. and Wang, J. and Wang, Z. and Shi, L. and Zhao, J. and Sanín, C. and Szczerbicki, E.},
title={Adding Intelligence to Cars Using the Neural Knowledge DNA},
journal={Cybernetics and Systems},
year={2017},
volume={48},
number={3},
pages={267-273},
doi={10.1080/01969722.2016.1276780},
document_type={Article},
}

@CONFERENCE{Yin20171424,
author={Yin, S. and Duan, J. and Ouyang, P. and Liu, L. and Wei, S.},
title={Multi-CNN and decision tree based driving behavior evaluation},
journal={Proceedings of the ACM Symposium on Applied Computing},
year={2017},
volume={Part F128005},
pages={1424-1429},
doi={10.1145/3019612.3019649},
document_type={Conference Paper},
}

@CONFERENCE{Musoles2017130,
author={Musoles, C.F.},
title={Towards neuroimaging real-time driving using convolutional neural networks: Development of CNNs for autonomous steering in the TORCS environment},
journal={2016 8th Computer Science and Electronic Engineering Conference, CEEC 2016 - Conference Proceedings},
year={2017},
pages={130-135},
doi={10.1109/CEEC.2016.7835901},
art_number={7835901},
document_type={Conference Paper},
}

@ARTICLE{Lee2017,
author={Lee, J. and Jang, K.},
title={A framework for evaluating aggressive driving behaviors based on in-vehicle driving records},
journal={Transportation Research Part F: Traffic Psychology and Behaviour},
year={2017},
doi={10.1016/j.trf.2017.11.021},
document_type={Article in Press},
}

@CONFERENCE{Liu2016,
author={Liu, H. and Taniguchi, T. and Takenaka, K. and Tanaka, Y. and Bando, T.},
title={Reducing the negative effect of defective data on driving behavior segmentation via a deep sparse autoencoder},
journal={2016 IEEE 5th Global Conference on Consumer Electronics, GCCE 2016},
year={2016},
doi={10.1109/GCCE.2016.7800355},
document_type={Conference Paper},
}

@ARTICLE{Zhang201674,
author={Zhang, W.-M. and Han, H.-B. and Yang, J. and Yi, X.},
title={A neural network-based autonomous articulated vehicle system considering driver behavior},
journal={Huanan Ligong Daxue Xuebao/Journal of South China University of Technology (Natural Science)},
year={2016},
volume={44},
number={12},
pages={74-80},
doi={10.3969/j.issn.1000-565X.2016.12.011},
document_type={Article},
}

@ARTICLE{Miyajima201614,
author={Miyajima, C. and Takeda, K.},
title={Driver-Behavior Modeling Using On-Road Driving Data: A new application for behavior signal processing},
journal={IEEE Signal Processing Magazine},
year={2016},
volume={33},
number={6},
pages={14-21},
doi={10.1109/MSP.2016.2602377},
art_number={7736125},
document_type={Article},
source={Scopus},
}

@CONFERENCE{Liu20151054,
author={Liu, H. and Taniguchi, T. and Tanaka, Y. and Takenaka, K. and Bando, T.},
title={Essential feature extraction of driving behavior using a deep learning method},
journal={IEEE Intelligent Vehicles Symposium, Proceedings},
year={2015},
volume={2015-August},
pages={1054-1060},
doi={10.1109/IVS.2015.7225824},
art_number={7225824},
document_type={Conference Paper},
}

@ARTICLE{Gindele201569,
author={Gindele, T. and Brechtel, S. and Dillmann, R.},
title={Learning driver behavior models from traffic observations for decision making and planning},
journal={IEEE Intelligent Transportation Systems Magazine},
year={2015},
volume={7},
number={1},
pages={69-79},
doi={10.1109/MITS.2014.2357038},
art_number={7014400},
document_type={Article},
}

@ARTICLE{Liang2014146,
author={Liang, Y. and Lee, J.D.},
title={A hybrid Bayesian Network approach to detect driver cognitive distraction},
journal={Transportation Research Part C: Emerging Technologies},
year={2014},
volume={38},
pages={146-155},
doi={10.1016/j.trc.2013.10.004},
document_type={Article},
}

@CONFERENCE{Liu20141427,
author={Liu, H. and Taniguchi, T. and Takano, T. and Tanaka, Y. and Takenaka, K. and Bando, T.},
title={Visualization of driving behavior using deep sparse autoencoder},
journal={IEEE Intelligent Vehicles Symposium, Proceedings},
year={2014},
pages={1427-1434},
doi={10.1109/IVS.2014.6856506},
art_number={6856506},
document_type={Conference Paper},
}

@ARTICLE{Chong2013207,
author={Chong, L. and Abbas, M.M. and Medina Flintsch, A. and Higgs, B.},
title={A rule-based neural network approach to model driver naturalistic behavior in traffic},
journal={Transportation Research Part C: Emerging Technologies},
year={2013},
volume={32},
pages={207-223},
doi={10.1016/j.trc.2012.09.011},
document_type={Article},
}

@ARTICLE{Al-Sultan20134264,
author={Al-Sultan, S. and Al-Bayatti, A.H. and Zedan, H.},
title={Context-aware driver behavior detection system in intelligent transportation systems},
journal={IEEE Transactions on Vehicular Technology},
year={2013},
volume={62},
number={9},
pages={4264-4275},
doi={10.1109/TVT.2013.2263400},
art_number={6516983},
document_type={Article},
}

@ARTICLE{Sommer2008362,
author={Sommer, M. and Herle, M. and Häusler, J. and Risser, R. and Schützhofer, B. and Chaloupka, Ch.},
title={Cognitive and personality determinants of fitness to drive},
journal={Transportation Research Part F: Traffic Psychology and Behaviour},
year={2008},
volume={11},
number={5},
pages={362-375},
doi={10.1016/j.trf.2008.03.001},
document_type={Article},
}

@ARTICLE{Liang20071,
author={Liang, Y. and Lee, J.D. and Reyes, M.L.},
title={Nonintrusive detection of driver cognitive distraction in real time using Bayesian networks},
journal={Transportation Research Record},
year={2007},
number={2018},
pages={1-8},
doi={10.3141/2018-01},
document_type={Article},
}

@ARTICLE{Lecun2015436,
author={Lecun, Y. and Bengio, Y. and Hinton, G.},
title={Deep learning},
journal={Nature},
year={2015},
volume={521},
number={7553},
pages={436-444},
doi={10.1038/nature14539},
document_type={Review},
source={Scopus},
}

@article{kitchenham2007,
author={Kitchenham, B. and Charters, S.},
title={Guidelines for performing Systematic Literature Reviews in Software Engineering},
journal={Technical Report EBSE 2007-001, Keele University, UK},
year={2007},
}

Scopus
EXPORT DATE: 13 June 2018

@ARTICLE{Wang20171360,
author={Wang, L. and Zhang, Z. and Long, H. and Xu, J. and Liu, R.},
title={Wind Turbine Gearbox Failure Identification with Deep Neural Networks},
journal={IEEE Transactions on Industrial Informatics},
year={2017},
volume={13},
number={3},
pages={1360-1368},
doi={10.1109/TII.2016.2607179},
}

@CONFERENCE{Mukherjee20171205,
author={Mukherjee, S. and Huang, X. and Bhagalia, R.R.},
title={Lung nodule segmentation using deep learned prior based graph cut},
journal={Proceedings - International Symposium on Biomedical Imaging},
year={2017},
pages={1205-1208},
doi={10.1109/ISBI.2017.7950733},
art_number={7950733},
}
