@ARTICLE{Fuller2005461,
author={Fuller, R.},
title={Towards a general theory of driver behaviour},
journal={Accident Analysis and Prevention},
year=2005,
volume=37,
number=3,
pages={461-472},
doi={10.1016/j.aap.2004.11.003},
document_type={Article},
}

@misc{DENATRANfrotaabr2018,
author={DENATRAN},
title={01 - Frota por UF e Tipo de Veículo},
month={Abril},
year={2018},                 
}

@misc{IBGEjulho2018,
author={IBGE},
title={Tabelas de estimativas para 1º de julho de 2017},
month={Julho},
year={2017},
}

@ARTICLE{Jain20044,
author={Jain, A.K. and Ross, A. and Prabhakar, S.},
title={An Introduction to Biometric Recognition},
journal={IEEE Transactions on Circuits and Systems for Video Technology},
year={2004},
volume={14},
number={1},
pages={4-20},
doi={10.1109/TCSVT.2003.818349},
document_type={Article},
}

@ARTICLE{Ross20032115,
author={Ross, A. and Jain, A.},
title={Information fusion in biometrics},
journal={Pattern Recognition Letters},
year={2003},
volume={24},
number={13},
pages={2115-2125},
doi={10.1016/S0167-8655(03)00079-5},
document_type={Article},
}

@ARTICLE{Sarkar2005162,
author={Sarkar, S. and Phillips, P.J. and Liu, Z. and Vega, I.R. and Grother, P. and Bowyer, K.W.},
title={The humanID gait challenge problem: Data sets, performance, and analysis},
journal={IEEE Transactions on Pattern Analysis and Machine Intelligence},
year={2005},
volume={27},
number={2},
pages={162-177},
doi={10.1109/TPAMI.2005.39},
document_type={Article},
}

@ARTICLE{Nandakumar2008,
author={Nandakumar, K. and Jain, A.K. and Nagar, A.},
title={Biometric template security},
journal={Eurasip Journal on Advances in Signal Processing},
year={2008},
volume={2008},
doi={10.1155/2008/579416},
art_number={579416},
document_type={Article},
}

@ARTICLE{Al-Sultan20134264,
author={Al-Sultan, S. and Al-Bayatti, A.H. and Zedan, H.},
title={Context-aware driver behavior detection system in intelligent transportation systems},
journal={IEEE Transactions on Vehicular Technology},
year={2013},
volume={62},
number={9},
pages={4264-4275},
doi={10.1109/TVT.2013.2263400},
art_number={6516983},
document_type={Article},
}

@ARTICLE{Liang20071,
author={Liang, Y. and Lee, J.D. and Reyes, M.L.},
title={Nonintrusive detection of driver cognitive distraction in real time using Bayesian networks},
journal={Transportation Research Record},
year={2007},
number={2018},
pages={1-8},
doi={10.3141/2018-01},
document_type={Article},
}

@ARTICLE{Gindele201569,
author={Gindele, T. and Brechtel, S. and Dillmann, R.},
title={Learning driver behavior models from traffic observations for decision making and planning},
journal={IEEE Intelligent Transportation Systems Magazine},
year={2015},
volume={7},
number={1},
pages={69-79},
doi={10.1109/MITS.2014.2357038},
art_number={7014400},
document_type={Article},
}

@ARTICLE{Chong2013207,
author={Chong, L. and Abbas, M.M. and Medina Flintsch, A. and Higgs, B.},
title={A rule-based neural network approach to model driver naturalistic behavior in traffic},
journal={Transportation Research Part C: Emerging Technologies},
year={2013},
volume={32},
pages={207-223},
doi={10.1016/j.trc.2012.09.011},
document_type={Article},
}

@ARTICLE{Liang2014146,
author={Liang, Y. and Lee, J.D.},
title={A hybrid Bayesian Network approach to detect driver cognitive distraction},
journal={Transportation Research Part C: Emerging Technologies},
year={2014},
volume={38},
pages={146-155},
doi={10.1016/j.trc.2013.10.004},
document_type={Article},
}

@ARTICLE{Liu2018,
author={Liu, H. and Taniguchi, T. and Takenaka, K. and Bando, T.},
title={Defect-repairable latent feature extraction of driving behavior via a deep sparse autoencoder},
journal={Sensors (Switzerland)},
year={2018},
volume={18},
number={2},
doi={10.3390/s18020608},
art_number={608},
document_type={Article},
}

@ARTICLE{Lee2017,
author={Lee, J. and Jang, K.},
title={A framework for evaluating aggressive driving behaviors based on in-vehicle driving records},
journal={Transportation Research Part F: Traffic Psychology and Behaviour},
year={2017},
doi={10.1016/j.trf.2017.11.021},
document_type={Article in Press},
}
